@ARTICLE{andrea:alexander,
    author = {Andrea, Alexander and Rich, Cracknel and Aaron, De Smet and Meredith, Langstaff and Mihir, Mysore and Dan, Ravid},
    title = {What executives are saying about the future of hybrid work},
    year = {2021},
    URL = {https://www.mckinsey.com/business-functions/people-and-organizational-performance/our-insights/what-executives-are-saying-about-the-future-of-hybrid-work}
}

@article{jerry:pillay,
author = {Jerry Pillay},
title ={COVID-19 Shows the Need to Make Church More Flexible},
journal = {Transformation},
volume = {37},
number = {4},
pages = {266-275},
year = {2020},
doi = {10.1177/0265378820963156},

URL = {https://doi.org/10.1177/0265378820963156},
eprint = {https://doi.org/10.1177/0265378820963156}
}

@ARTICLE{yonat:shimron,
    author = {Yonat Shimron},
    title = {Study: Attendance hemorrhaging at small and midsize US congregations},
    year = {2021},
    URL = {https://religionnews.com/2021/10/14/study-attendance-at-small-and-midsize-us-congregations-is-hemorrhaging/}
}

@ARTICLE{smith,
    author = {Gregory A. Smith},
    title = {Life in U.S. Religious Congregations Slowly Edges Back Toward Normal},
    year = {2021},
    URL = {https://www.pewforum.org/2021/03/22/life-in-u-s-religious-congregations-slowly-edges-back-toward-normal/}
}

@book{grant2019religion,
  title={Religion Online: How Digital Technology Is Changing the Way We Worship and Pray [2 volumes]},
  author={Grant, A.E. and Sturgill, A.F.C. and Chen, C.H. and Stout, D.A.},
  isbn={9781440853722},
  lccn={2018041743},
  url={https://books.google.com/books?id=w\_SJDwAAQBAJ},
  year={2019},
  publisher={ABC-CLIO}
}

@article{helland,
author = {Helland, Christopher},
title ={Online Religion as Lived Religion. Methodological Issues in the Study of Religious Participation on the Internet},
journal = {Online – Heidelberg Journal of Religions on the Internet: Volume 01.1 Special Issue on Theory and Methodology},
year = {2005},
doi = {10.11588/heidok.00005823},

URL = {https://doi.org/10.11588/heidok.00005823}
}

@article{gozum,
author = {Gozum, Ivan Efreaim A. and Sarmiento, Philip Joseph D.},
title ={Maximizing social media for evangelization and religious activities during the COVID-19 pandemic as a model going forward},
journal = {International Journal of Research Studies in Education},
volume = {10},
number = {9},
year = {2021},
pages = {107-113},
doi = {10.5861/ijrse.2021.680},

URL = {https://doi.org/10.5861/ijrse.2021.680}
}

@article{Raiber,
author = {Raiber, Eva and Seabright, Paul},
title ={U.S. Churches’ Response to Covid-19: Results from Facebook},
journal = {Covid Economics, Centre for Economic Policy Research CEPR},
year = {2020},
pages = {121-171},
doi = {10.13140/RG.2.2.32592.53764},
}

@article{PUTRA2020101418,
title = {The roles of technology in al-Quran exegesis in Indonesia},
journal = {Technology in Society},
volume = {63},
pages = {101418},
year = {2020},
issn = {0160-791X},
doi = {https://doi.org/10.1016/j.techsoc.2020.101418},
url = {https://www.sciencedirect.com/science/article/pii/S0160791X20303353},
author = {D.I. Ansusa Putra and Mohammad Hidayaturrahman}
}

@book{260105620200101,
Author = {Anderson, William H. U.},
ISBN = {9781648891120},
Publisher = {Vernon Press},
Series = {Series in Philosophy of Religion},
Title = {Technology and Theology.},
URL = {https://ezp.slu.edu/login?url=https://search.ebscohost.com/login.aspx?direct=true&db=nlebk&AN=2601056&site=eds-live},
Year = {2020},
}

@article{Sacasas,
Author = {Sacasas L. M.},
Title = {Christianity and the History of Technology},
URL = {https://thefrailestthing.com/2012/03/01/christianity-and-the-history-of-technology-longform/},
Year = {2012},
}

@article{sharp,
author = {Sharp, David},
title ={Millions skipped church during pandemic. Will they return?},
year = {2021},
URL = {https://apnews.com/article/coronavirus-pandemic-pandemics-lifestyle-health-religion-cd5fbac2318cb58e1d5ec4a5d1c00ecc}
}

@article{mulvey,
author = {Mulvey, Lizzie},
title ={Local US mosques caught in pandemic crunch turn to online fundraisers},
year = {2021},
URL = {https://www.theguardian.com/us-news/2021/apr/14/us-mosques-online-fundraisers-pandemic}
}

@article{block,
author = {Block, Deborah},
title ={Muslims in US Feel 'Blessed' Mosques Are Open During Ramadan},
year = {2021},
URL = {https://www.voanews.com/a/usa_muslims-us-feel-blessed-mosques-are-open-during-ramadan/6204992.html}
}

@article{dickson,
Author = {Arndt, Andrea L and Green, Caleb L},
Title = {Religious Institutions v. COVID-19: Why Religious Institutions Should Think Twice Before Live Streaming},
URL = {https://www.dickinson-wright.com/news-alerts/religious-institutions-v-covid19},
Year = {2020},
}

@article{colleran,
Author = {Colleran, Kevin},
Title = {Facebook’s Next Target: The Religious Experience},
URL = {https://techilive.in/facebooks-next-target-the-religious-experience/},
Year = {2021},
}

@article{jahng,
Author = {Jahng, Kenny},
Title = {10 STATS ABOUT HOW CHURCHES ARE FARING REGARDING GIVING},
URL = {https://www.churchtechtoday.com/state-of-church-giving-stats/},
Year = {2021},
}

@article{Firch,
Author = {Firch, Jason},
Title = {The Ultimate List Of Charitable Giving Statistics For 2018},
URL = {https://nonprofitssource.com/online-giving-statistics/},
Year = {2021},
}

@article{Culliford,
Author = {Culliford, Elizabeth},
Title = {Facebook decided faith groups are good for business. Now, it wants your prayers},
URL = {https://www.reuters.com/technology/facebook-decided-faith-groups-are-good-business-now-it-wants-your-prayers-2021-07-22/},
Year = {2021},
}